@article{correll2016surprise,
  title={Surprise! Bayesian weighting for de-biasing thematic maps},
  author={Correll, Michael and Heer, Jeffrey},
  journal={IEEE transactions on visualization and computer graphics},
  volume={23},
  number={1},
  pages={651--660},
  year={2016},
  publisher={IEEE}
}

@article{baldi2010bits,
  title={Of bits and wows: A Bayesian theory of surprise with applications to attention},
  author={Baldi, Pierre and Itti, Laurent},
  journal={Neural Networks},
  volume={23},
  number={5},
  pages={649--666},
  year={2010},
  publisher={Elsevier}
}


@article{mittenentzwei2023investigating,
  title={Investigating user behavior in slideshows and scrollytelling as narrative genres in medical visualization},
  author={Mittenentzwei, Sarah and Garrison, Laura A and M{\"o}rth, Eric and Lawonn, Kai and Bruckner, Stefan and Preim, Bernhard and Meuschke, Monique},
  journal={Computers \& Graphics},
  volume={114},
  pages={229--238},
  year={2023},
  publisher={Elsevier}
}


@inproceedings{ndlovu2023taken,
  title={Taken By Surprise? Evaluating how Bayesian Surprise \& Suppression Influences Peoplesâ€™ Takeaways in Map Visualizations},
  author={Ndlovu, Akim and Shrestha, Hilson and Harrison, Lane T},
  booktitle={2023 IEEE Visualization and Visual Analytics (VIS)},
  pages={136--140},
  year={2023},
  organization={IEEE}
}


@inproceedings{seyser2018scrollytelling,
  title={Scrollytelling--an analysis of visual storytelling in online journalism},
  author={Seyser, Doris and Zeiller, Michael},
  booktitle={2018 22nd international conference information visualisation (IV)},
  pages={401--406},
  year={2018},
  organization={IEEE}
}


